<?xml version="1.0" encoding="UTF-8"?><record xmlns="http://www.loc.gov/MARC21/slim" xmlns:cinclude="http://apache.org/cocoon/include/1.0" xmlns:zs="http://www.loc.gov/zing/srw/">
  <leader>00481nz  a2200133n  4500</leader>
  <controlfield tag="001">no2004056141</controlfield>
  <controlfield tag="003">DLC</controlfield>
  <controlfield tag="005">20040612071024.0</controlfield>
  <controlfield tag="008">040611n| acannaab           |n aaa     c</controlfield>
  <datafield tag="010" ind1=" " ind2=" ">
    <subfield code="a">no2004056141</subfield>
  </datafield>
  <datafield tag="035" ind1=" " ind2=" ">
    <subfield code="a">(OCoLC)oca06368600</subfield>
  </datafield>
  <datafield tag="040" ind1=" " ind2=" ">
    <subfield code="a">NjP</subfield>
    <subfield code="b">eng</subfield>
    <subfield code="c">NjP</subfield>
  </datafield>
  <datafield tag="100" ind1="1" ind2=" ">
    <subfield code="a">Vocca, Ornella</subfield>
  </datafield>
  <datafield tag="670" ind1=" " ind2=" ">
    <subfield code="a">Il carcere, 2003:</subfield>
    <subfield code="b">t.p. (Ornella Vocca) p. 4 of cover (ricercatore at the department of penal, criminalogical and penitentiary sciences at the UniversitaĚ degli studi di Napoli Federico II)</subfield>
  </datafield>
</record>